1960 2854
354 146 370 177 1

269 145 727 250 manimeritorum
746 188 969 257 segetem
987 185 1181 244 Titulis
1205 226 1220 253 ,
1249 188 1432 259 quibus
1448 188 1671 248 donatus
1707 192 1784 250 ini

267 268 531 320 claruerat
544 299 558 322 ,
594 277 859 328 nunquam
877 257 964 313 fibi
979 258 1095 314 satis
1111 272 1259 327 grata
1277 260 1444 315 videri
1457 263 1672 330 cupiens
1688 301 1703 326 ‚
1720 262 1778 320 in

268 331 662 390 Canonicorum
679 329 982 397 Collegium
1000 330 1173 384 Patria
1188 330 1390 399 pridem
1409 344 1780 400 cooptauerat5‘

269 421 331 457 ac
346 398 564 456 Ducalis
582 399 809 454 Bafilicae
827 400 1052 455 Vicariae
1065 401 1304 468 dignitati
1322 400 1611 461 suffeceram·
1629 403 1778 458 Tan-

268 487 485 539 tumque
503 471 641 537 apud
654 470 909 526 Caesarem
927 470 1087 539 ipsum
1104 468 1440 525 aestimatione
1467 511 1482 534 ,
1517 472 1576 533 &
1605 473 1775 540 gratia

268 542 433 594 valuit
448 579 462 602 ‚
498 552 554 592 vt
580 539 655 595 illi
693 542 751 595 <Sc
782 538 1202 608 Historiographi
1215 558 1400 595 munus
1417 540 1668 596 indiderit
1681 582 1697 606 ,
1715 543 1778 598 &x

267 609 562 666 Confiliarii
578 610 737 666 decus
752 612 1046 676 adjunxerit
1063 653 1072 663 .
1090 609 1308 677 Magnis
1323 609 1458 664 hisce
1473 611 1779 667 nominibus

266 681 433 736 immo
465 680 766 747 grauiffimis
795 681 989 750 pariter
1016 721 1029 744 ,
1067 697 1130 734 ac
1160 678 1570 748 negotiofiffimis
1601 681 1780 737 offitiis

269 749 524 805 districtus
539 789 553 812 ‚
591 752 743 806 nullis
759 768 988 820 unquam
1004 752 1069 803 ab
1084 751 1326 819 improbo
1339 767 1499 819 opere
1518 749 1606 804 fibi
1625 768 1780 806 vaca-

269 820 491 875 tionibus
505 820 795 891 impetratis
809 861 825 884 ,
859 819 1263 887 odtuagefimum
1283 837 1473 873 annum
1501 822 1780 888 praeclarus

268 893 441 945 Senex
457 889 702 958 attigerat
721 932 730 943 .
748 892 944 946 Adhuc
959 903 1136 944 tamen
1151 886 1343 943 cessare
1360 888 1622 944 nesciebat
1634 929 1648 953 ‚
1662 890 1779 952 Cae÷

268 958 470 1013 lestium
484 976 660 1014 mores
673 999 686 1022 ‚
703 959 981 1027 irrequieta
995 959 1251 1025 vertigine
1267 958 1393 1011 cieri
1407 959 1781 1025 gaudentium,

269 1031 538 1083 aemulatus
554 1068 568 1092 ,
591 1046 816 1097 quorum
833 1040 1015 1081 natura
1033 1026 1328 1081 constanter
1342 1024 1569 1096 sequitur
1585 1066 1599 1090 ‚
1628 1030 1780 1096 quod

267 1118 362 1153 nos
378 1098 576 1165 ingrata
594 1098 783 1153 laboris
800 1097 1199 1151 nomenclatura
1214 1097 1499 1164 refugimus
1511 1136 1525 1160 ‚
1543 1097 1780 1166 illudque

269 1169 476 1223 seruans
495 1168 547 1221 in
565 1168 783 1237 pectore
797 1208 809 1230 ‚
828 1169 969 1236 quod
984 1167 1111 1221 olim
1126 1167 1359 1221 Stoicam
1373 1167 1622 1221 virtutem
1657 1183 1783 1235 pro·

268 1236 407 1292 feffis
425 1250 537 1290 erat
552 1238 604 1291 in
622 1256 714 1292 ore
731 1262 741 1291 :
760 1237 1057 1305 Sapientem
1072 1237 1127 1291 in
1144 1236 1266 1291 astu,
1281 1236 1414 1291 mori
1430 1248 1677 1304 oportere
1694 1276 1705 1287 .
1723 1237 1780 1291 Si

270 1320 478 1361 aetatem
494 1346 507 1369 ,
539 1308 794 1376 quatenus
809 1308 1004 1361 homini
1020 1309 1312 1376 producere
1328 1307 1510 1359 datum
1524 1303 1599 1361 est
1616 1345 1632 1368 ‚
1669 1304 1783 1374 spe*

271 1377 380 1432 {les
396 1417 407 1439 ‚
426 1376 542 1433 satis
561 1377 789 1434 vixerat,-
807 1378 856 1430 Si
874 1377 1082 1444 egregie
1098 1376 1217 1430 aesta
1231 1373 1440 1430 aestimes
1455 1413 1470 1438 ,
1483 1372 1586 1429 siue
1603 1384 1785 1430 nume*

273 1466 353 1501 res
374 1486 388 1510 ,
426 1446 703 1500 diutissime
731 1468 745 1506 ς
782 1447 831 1500 Si
850 1446 1023 1500 nostro
1051 1444 1306 1501 defiderio
1333 1445 1602 1512 indulgere
1615 1447 1785 1500 malu*

273 1535 385 1570 mus
401 1556 414 1579 ‚
446 1515 555 1570 fato
569 1534 832 1585 nunquam
850 1535 955 1570 non
992 1528 1323 1584 prematurus
1349 1514 1522 1568 fuerat
1557 1514 1779 1582 eripien-

274 1590 395 1641 dus.
413 1586 645 1640 Cernere
660 1600 772 1639 erat
789 1587 956 1639 Sacrae
973 1587 1320 1640 reuerendum
1334 1582 1596 1638 vetustatis
1631 1583 1780 1637 fimu-

271 1660 469 1710 lacrum
485 1695 500 1719 ‚
529 1656 767 1710 confedta
784 1669 931 1709 aetate
946 1656 1043 1722 jam
1058 1652 1292 1725 quaffum
1309 1695 1323 1719 ‚
1337 1653 1423 1708 sed
1436 1653 1657 1708 omnino
1668 1652 1778 1707 ani-

274 1744 362 1779 mo
381 1725 656 1780 infractum
671 1747 685 1784 ,-
719 1726 918 1794 antiqui
936 1726 1092 1780 moris
1108 1728 1379 1794 exemplar
1397 1723 1535 1791 rugis
1553 1723 1779 1797 vndiqnue

277 1795 542 1849 concisum
556 1835 569 1857 ‚
588 1809 640 1849 at
657 1796 813 1849 vividi
831 1796 1022 1862 ingenii
1039 1794 1366 1850 lineamentis
1376 1793 1669 1847 extantibus
1687 1796 1783 1847 sso-

277 1866 477 1918 ridum.
505 1865 713 1931 Quanta
730 1883 847 1918 cum
866 1866 1136 1918 alacritate
1155 1865 1305 1919 funus
1331 1863 1475 1917 suum
1503 1862 1779 1915 circumfe-

272 1935 444 1996 rebat,
459 1933 745 2002 corpusculi
763 1935 861 1999 jam
880 1933 1157 1986 fatiscentis
1172 1950 1354 2001 parum
1370 1931 1613 1986 sollicitus
1628 1970 1642 1994 ,
1659 1930 1782 2000 quia

281 2006 348 2056 de
368 2004 584 2057 meliore
603 2003 672 2057 fui
690 2017 834 2071 parte
851 2002 1073 2057 securus!
1111 2003 1284 2069 Quam>
1299 2001 1501 2055 strenue
1516 2039 1530 2062 ,
1563 2014 1784 2068 quantam

276 2091 377 2142 que
397 2092 514 2126 cum
530 2073 918 2142 aequanimitate
949 2073 1255 2127 irruentibus
1286 2071 1481 2126 ultimae
1511 2068 1786 2124 senectutis

279 2144 626 2198 incommodis
641 2142 1008 2197 oblufflabatur
1025 2182 1038 2206 ,
1056 2160 1116 2195 ac
1131 2140 1164 2195 fi
1183 2142 1394 2196 minime
1413 2142 1479 2194 ad
1499 2138 1545 2193 se
1560 2139 1788 2209 pertine-⁷

279 2226 396 2267 rent
409 2253 422 2277 ,
459 2227 548 2267 aut
567 2232 671 2267 non
686 2212 844 2281 ipsum
863 2253 876 2276 ‚
914 2213 1000 2266 sed
1021 2210 1167 2281 ipfius
1186 2212 1464 2266 manticam
1480 2212 1782 2264 tunderent!
1821 2213 1824 2216 “

283 2283 362 2338 Eo
381 2285 538 2338 animi
556 2282 1018 2353 habitu‚vultusque
1034 2284 1296 2338 hilaritate
1314 2281 1608 2351 supremum
1625 2280 1781 2356 diem,

280 2357 378 2419 jam
399 2354 610 2423 propius
628 2357 1002 2414 vaduentantem
1019 2354 1422 2423 operiebatur‚vt
1438 2353 1503 2405 de
1521 2361 1669 2404 aetate
1682 2363 1787 2412 jam

283 2424 467 2481 exacta
488 2427 681 2481 taceret
698 2422 1199 2500 controuersiamgix
1212 2423 1367 2497 putri,
1382 2422 1440 2483 &
1452 2417 1785 2541 yndiqugidef
