1960 2854
400 167 464 212 16

309 229 427 290 Sol,
463 218 1072 298 Lunave'spe&acu113m3
1104 219 1140 275 fi
1156 219 1316 277 otiosa
1335 221 1534 279 tahtum
1552 223 1734 292 sydera
1749 225 1797 282 se

308 298 357 353 se
374 295 537 352 oculis
553 292 839 362 usurpanda
857 292 1185 350 exhiberent‚·
1221 291 1255 345 fi
1273 297 1420 350 nullo
1432 293 1610 349 desidis
1626 335 1639 359 ‚
1671 308 1800 351 atta-

311 386 429 423 men
442 363 801 434 pulcherrimae
816 362 943 416 lueis
969 360 1058 415 usu
1089 375 1281 419 naturae
1306 362 1637 432 prodessent)
1671 364 1799 420 Erat

307 437 463 504 digna
480 433 709 503 suspeffitu
723 434 1021 503 praecellens
1043 430 1364 502 JOANNIS
1399 435 1587 499 virtuS,
1620 436 1799 498 etiam-⁴

308 504 507 560 finullis
524 505 740 559 fortunae
758 502 1072 558 ornamentis
1087 504 1404 560 extrinsecsis
1436 505 1602 560 nitens
1637 545 1651 569 ‚
1688 506 1798 560 ino-

307 594 428 646 pem
454 615 468 638 ,
503 573 588 628 sed
613 574 877 643 augustam
901 572 971 627 sui
1002 572 1220 642 speciem
1237 576 1502 630 hominum
1528 574 1708 628 animis
1723 578 1796 631 ina

301 644 523 715 geffisset
538 667 551 703 ;
566 645 692 713 quid
707 644 879 699 diuitis
896 643 1095 699 faenoris
1110 643 1394 699 acceffione
1412 644 1674 698 cumulata
1690 661 1796 698 me-

304 716 531 771 rebitur?
567 714 743 770 Nostri
760 715 932 785 itaque
950 714 1099 770 offitii
1115 713 1188 768 est
1203 713 1367 770 saeeuli
1398 715 1534 768 bona
1561 751 1575 776 ‚
1611 713 1794 769 futuris

304 787 510 840 visenda
523 784 866 840 transmittere
892 807 906 843 ‚·
941 801 1110 854 eoque
1139 785 1303 854 magis
1339 825 1352 848 ‚
1389 797 1446 838 vt
1473 784 1797 852 quandoqui⁴

302 857 422 909 dem
439 874 544 911 non
560 856 689 910 ob1it
702 874 819 911 cum
837 854 1047 909 homine
1059 854 1254 909 utilitas
1269 893 1283 917 ‚
1319 854 1554 918 juditium
1572 852 1685 920 post
1701 856 1791 908 ho-

299 926 490 979 minem
509 926 817 993 perseveret.
853 926 949 979 Ille
964 924 1176 992 quidem
1207 963 1221 986 ‚
1255 934 1314 976 ut
1344 925 1409 976 de
1436 922 1639 991 optimo
1663 941 1790 991 quoa

299 1012 402 1063 que
419 994 492 1047 fas
509 997 723 1048 eredere
741 996 808 1048 ad
826 993 1031 1061 superos
1045 1006 1292 1047 euocatus
1306 992 1519 1059 perenni
1537 993 1697 1044 beatae
1716 994 1787 1047 vi-

300 1075 364 1117 tae
381 1059 688 1130 possessione
703 1063 800 1125 jam
811 1062 1031 1131 fruitur,
1066 1062 1212 1115 nobis
1240 1061 1618 1129 prouidendum
1648 1073 1785 1126 erat,

299 1151 364 1187 ne
381 1132 584 1200 ingrato
600 1130 799 1185 filentio
816 1170 830 1199 ,
865 1130 1090 1190 emeritae
1105 1132 1254 1196 famae
1277 1130 1547 1186 excideret
1577 1130 1784 1184 immor-

296 1202 523 1258 talitate.

369 1340 627 1396 Dicebam
644 1381 653 1392 .
