1960 2854
1524 118 1538 149 1

165 174 431 247 sequendis
445 169 750 225 utilitatibus
767 167 1036 237 diligentia
1065 206 1078 230 ,
1108 178 1164 220 ut
1180 165 1230 220 in
1247 166 1427 220 crediti
1444 163 1529 219 fibi
1547 118 1659 235 gre„

163 249 242 318 gis
258 242 484 299 custodia
498 281 512 304 ,
527 242 740 307 juratam
758 238 882 294 Deo
898 238 1054 292 fidem
1070 236 1379 290 absolueret.
1408 237 1554 290 Nulli
1572 239 1658 291 de-

166 333 307 370 mum
326 310 681 367 sollicitudinis
702 310 964 377 impendio
985 307 1218 376 pepercit
1253 346 1266 369 ,
1303 305 1336 357 si
1367 307 1499 359 forte
1527 324 1655 375 opus

172 383 328 447 effer,
365 384 611 436 autlaxas
628 380 934 434 lieculivitio
950 376 1227 445 disciplina>
1249 377 1475 451 baben-as
1493 376 1655 431 inten-

176 458 299 508 dere
316 493 329 516 ,
347 464 435 505 aut
453 450 722 518 frigescens
741 468 790 502 in
805 450 912 503 dies
928 488 941 511 ,
958 447 1100 501 fatali
1117 448 1381 499 hommum
1398 447 1655 510 vecordia,

170 522 435 589 religionis
454 519 670 574 studium
685 518 1005 579 exsuscitare,
1020 528 1109 570 aut
1122 532 1260 576 oues,
1278 516 1405 570 alias
1420 515 1470 567 in
1485 516 1651 571 diuer-

168 591 273 647 sum
303 590 508 644 abaetas
524 628 537 652 ,
551 591 773 644 humeris
793 586 1050 657 impositas
1070 586 1120 639 in
1138 586 1373 639 ordinem
1390 585 1622 652 redigere
1638 626 1653 649 ,

165 663 290 716 alias
307 662 334 714 a
352 660 548 714 Diuina
561 658 764 713 scientia
781 660 964 724 jejunas
982 672 1215 723 congruo
1241 654 1485 708 doetrinae
1498 656 1654 723 pabu-

166 734 220 787 lo
237 730 688 793 refice1⁴e,jacentes
703 727 1184 797 alias,sp1ritualibus
1202 724 1440 778 adhibitis
1458 724 1656 779 fomen-

167 803 228 855 tis
244 841 257 865 ‚
271 817 530 854 recreare.
568 799 771 852 Interea
790 797 1022 864 plurimis
1041 795 1152 849 tum
1168 794 1437 863 probitatis
1464 793 1658 862 specsta-

163 884 227 924 tae
243 910 255 932 ,
274 872 386 923 tum
415 866 669 920 industriae
694 867 842 920 editis
874 865 1245 936 experimentis
1273 905 1287 928 ,
1312 865 1659 918 Sacerdotalis

165 953 319 994 caetus
336 938 545 1007 primuS,
562 936 1021 1004 Archipresbyteri
1038 937 1192 988 titulo
1208 935 1551 987 renunciatur.
1567 934 1658 989 An

165 1007 567 1079 praecellentium
586 1005 803 1070 ejusdem
830 1006 1135 1058 meritorum
1163 1020 1332 1071 aequus
1355 1001 1659 1065 aestimator,

168 1097 233 1132 an
248 1077 317 1131 sui
336 1077 552 1131 ornandi
571 1076 766 1129 ambitu
783 1074 1032 1129 adduffilus
1049 1113 1062 1135 ,
1089 1090 1154 1126 an
1171 1072 1401 1126 Vtilitatis
1429 1072 1548 1125 inde
1575 1090 1658 1126 ca-

169 1149 375 1219 piundae
391 1146 471 1214 spe
489 1145 689 1199 illeitus
720 1146 770 1197 in
793 1142 1169 1214 JOANNEM
1206 1141 1291 1195 sibi
1320 1140 1658 1210 praeficiundo

166 1215 596 1277 consenserit,non
611 1214 682 1269 est
697 1215 849 1267 facile
868 1214 1106 1281 cuiquam
1124 1213 1369 1277 judicare.
1386 1212 1523 1265 Illud
1540 1228 1657 1279 pro—

165 1286 309 1342 fec‘to
328 1285 584 1338 neminem
616 1287 744 1338 latet
771 1284 821 1336 in
853 1282 1073 1348 ejusdem
1101 1282 1382 1351 privilegiis
1400 1281 1626 1335 tutandis
1643 1319 1659 1344 ,

164 1359 364 1412 nullum
383 1353 674 1423 periculosae
689 1355 812 1407 licet
842 1356 1052 1422 plenum
1083 1355 1206 1405 aleae
1232 1366 1496 1406 certamen
1525 1349 1660 1404 refu-

164 1422 287 1493 giffe
303 1446 315 1482 ,·
332 1425 454 1492 quin
472 1424 627 1476 etiam
644 1423 678 1475 fi
691 1424 901 1492 privatis
918 1423 1080 1477 modo
1097 1420 1336 1476 Consiliis
1352 1421 1519 1476 eidem
1538 1439 1660 1490 prae-

163 1495 238 1549 sto
256 1493 382 1547 esset
398 1534 410 1555 ,
442 1493 654 1546 minime
674 1492 1021 1561 acquiescens>
1035 1493 1296 1561 publicam
1314 1510 1496 1545 vocem
1516 1493 1657 1559 apud

162 1565 372 1635 Judices
391 1563 769 1624 commodavit,
782 1561 1086 1629 causamque
1103 1561 1273 1613 diserti
1293 1561 1567 1629 patrocinii
1583 1560 1654 1613 sui

170 1634 358 1687 viribus
374 1633 553 1686 fultam
570 1632 736 1685 vicf'tor
753 1630 1000 1685 sustinuit.
1016 1631 1154 1699 Quid
1174 1629 1446 1696 supererat,
1463 1644 1552 1684 aut
1569 1646 1655 1683 au-

169 1706 348 1771 gendae
365 1702 602 1769 dignitati
619 1741 631 1763 ,
647 1714 735 1754 aut
753 1701 941 1767 ingenii
974 1699 1189 1753 solerti-'ee
1204 1698 1514 1753 ostentandae
1528 1739 1540 1761 ,
1564 1712 1653 1752 aut

168 1772 485 1827 indeficienti
501 1770 724 1840 operosae
740 1771 921 1824 mentis
939 1769 1113 1823 robori
1131 1771 1458 1822 exercendo?
1488 1769 1655 1824 Nimi-

165 1843 280 1895 rum
298 1843 458 1895 Bullae
488 1840 828 1895 Clementinae
855 1880 868 1903 ,
895 1840 1191 1906 grauissimo
1215 1839 1653 1892 Decemvirorum

159 1911 356 1980 Juditio
373 1913 566 1964 collata
580 1909 897 1973 Custodia,in
914 1909 1161 1978 quainter
1178 1910 1365 1962 bonum
1383 1909 1653 1971 subditum,

166 1983 484 2048 probumque
496 1979 899 2034 Ecclesiasticum
926 2019 939 2041 ,
976 1979 1047 2031 ita
1062 1979 1289 2047 medium
1308 1978 1353 2032 le
1367 1978 1513 2046 geffit
1548 2019 1562 2042 ,
1598 1991 1654 2031 vt

167 2067 308 2116 aequa
327 2049 547 2117 Vtrisque
560 2051 880 2118 Principibus
896 2051 1001 2114 jura
1018 2048 1340 2100 servarentur
1355 2086 1368 2109 ,
1383 2049 1654 2101 inviolata-

164 2137 263 2186 que
283 2133 644 2184 permanerent
659 2159 673 2182 ,
705 2137 895 2186 magno
918 2116 1178 2171 Vniverlae
1194 2115 1493 2170 Christianae
1529 2116 1655 2169 Rei-

163 2188 382 2258 publicae
394 2188 708 2242 documento
722 2228 736 2252 ,
748 2191 1008 2255 Regnum,
1021 2187 1077 2239 &
1090 2185 1445 2241 Sacerdotium
1466 2185 1651 2240 mutuis

165 2258 214 2311 se
233 2257 279 2310 se
299 2258 617 2326 amplexibus
632 2258 834 2319 fouere,
864 2255 1222 2327 justitiamque
1252 2256 1621 2324 Imperantium
1640 2294 1654 2319 ,

165 2328 456 2396 Pacemque
472 2325 706 2380 Ecclefiae
723 2324 876 2380 fidele
894 2328 1025 2379 inter
1055 2325 1103 2377 se
1135 2326 1303 2379 foedus
1341 2326 1654 2381 intaminatis

168 2397 352 2464 osculis
380 2398 575 2472 sancire
590 2437 612 2473 μ,.
647 2396 1092 2467 Sobolescentibus
1123 2395 1357 2464 quotidie
1381 2397 1433 2454 in
1462 2396 1653 2451 uberri-

1442 2486 1580 2529 mdm
