1960 2854
170 191 270 242 que
302 170 510 227 excelsae
539 173 867 239 quantumvis
917 169 1102 225 indolis
1141 171 1337 225 animos
1358 210 1371 233 ‚
1407 170 1442 224 fi
1477 173 1647 228 minus

171 240 472 296 transversos
500 257 653 307 agere
683 280 696 303 ‚
733 240 910 294 saltem
945 241 1119 307 iniquo
1149 243 1378 307 pondere
1409 240 1647 295 deorsum

170 329 351 378 urgere
371 308 662 373 consuevit,
700 310 917 378 egregiis
935 308 1200 364 conatibus
1231 310 1487 363 adversari
1505 310 1644 364 vide-

172 382 342 433 batur.
378 380 486 432 Hic
513 399 580 432 ex
610 380 746 433 avita
783 379 1107 439 haereditate,
1144 379 1466 448 nihilpraeter
1490 381 1647 433 hone-

169 449 292 502 stam
310 448 627 517 disciplinam
646 488 658 511 ‚
695 449 876 518 &quac
892 448 1061 517 probis
1087 448 1295 514 quidem
1325 449 1548 502 moribus
1572 451 1647 502 ul-

168 519 253 573 tro
279 536 454 572 comes
483 518 774 585 adiungitur
792 560 804 581 ‚
843 519 924 572 sed
951 517 1144 571 coa6³sae
1181 530 1356 571 tamen
1395 517 1651 571 modestiae

165 591 410 656 exempla
424 591 663 651 lucratu8‚
680 589 827 642 null-is
842 588 1020 656 opibus
1036 586 1263 640 suffultus
1280 627 1293 649 ,
1331 589 1471 640 nulla
1492 589 1646 652 majo-

168 676 279 711 rum
299 658 533 711 claritate
553 657 838 725 spectabilis
855 698 867 719 ,
887 658 943 711 iis
961 657 1150 710 artibus
1168 657 1464 710 excolendis
1482 657 1644 710 inten-

166 728 244 781 dit
263 728 519 789 animum‚
555 728 736 794 quibus
762 730 970 780 tandem
1002 744 1094 795 per
1126 724 1375 779 obstantia
1393 725 1647 780 eludtatus

175 799 241 850 ad
255 797 454 850 eximiae
468 796 643 861 gloriae
661 799 867 849 culmen
894 808 1205 862 emergeret.
1242 798 1301 850 In
1334 793 1443 860 ipsis
1475 795 1650 863 itaque

174 865 385 934 puerilis
412 864 622 918 rationis
647 866 898 928 exordiis,
935 865 1193 918 servilibus
1223 863 1534 933 quibusque,
1575 864 1648 922 in-

171 935 401 1001 gentium
432 951 639 1001 quoque
667 935 957 988 animorum
991 935 1091 987 vim
1122 952 1363 987 enervem
1391 933 1649 985 reddenti-

166 1005 285 1065 bus,
322 1003 454 1055 curis
483 1002 720 1065 abieffis,
757 1005 881 1056 nihil
902 1004 1062 1068 magis
1090 1002 1226 1071 pensi
1254 1002 1459 1063 habuit,
1494 1002 1652 1069 quam

166 1086 224 1126 ut
237 1090 406 1125 mores
424 1073 488 1123 ad
506 1071 896 1138 generositatem
917 1073 1191 1135 formaret,
1206 1085 1539 1137 mentemque
1553 1088 1643 1139 op-

170 1142 307 1196 timis
327 1140 494 1194 studiis
512 1141 791 1198 imbueret‚·
828 1142 1149 1210 perspicuum
1176 1140 1292 1195 sane
1318 1139 1515 1193 cumstis
1532 1154 1649 1193 aeta-

170 1213 302 1265 tibus
319 1208 596 1276 ingesturus
612 1225 967 1277 argumentum
984 1251 996 1273 ,
1014 1210 1153 1279 poffe
1171 1213 1367 1263 clarum
1383 1210 1647 1275 ingenium

172 1283 237 1333 de
265 1280 498 1347 qualibet
524 1293 642 1333 cute
673 1279 950 1334 enitescere
969 1321 982 1343 ‚
1019 1299 1116 1334 nec
1142 1282 1208 1334 ad
1227 1281 1494 1348 prodenda
1527 1296 1650 1348 prae-

168 1347 577 1403 stantissimarum
597 1349 841 1403 virtutum
861 1350 1136 1418 specimina
1155 1368 1281 1418 opus
1297 1348 1397 1402 esse
1415 1348 1619 1402 fortuna
1633 1388 1644 1398 .

170 1417 486 1472 Obversetur
513 1420 675 1472 modo
705 1420 865 1472 menti
899 1438 1005 1474 non
1036 1420 1292 1473 Hercules
1325 1419 1409 1472 ille
1441 1417 1652 1472 Prodici

171 1486 476 1542 commentis
498 1485 697 1541 illustris
711 1528 725 1550 ,
753 1489 871 1541 hinc
889 1490 1166 1556 voluptatis
1183 1489 1431 1542 illecebris
1450 1490 1515 1539 ad
1530 1504 1648 1555 pro-

168 1577 235 1612 na
255 1557 494 1610 vitiorum
512 1557 890 1625 impellentibus
907 1598 920 1620 ,
959 1558 1075 1610 inde
1094 1559 1285 1611 decora
1303 1557 1533 1610 masculae
1550 1556 1648 1608 vir-

174 1627 293 1680 tutis
321 1626 589 1679 severitate
619 1630 684 1679 ad
716 1630 932 1681 arduum
960 1627 1228 1695 probitatis
1262 1627 1356 1679 iter
1378 1638 1596 1679 vocante
1634 1665 1648 1685 ,

171 1696 387 1763 ancipiti
416 1695 729 1762 cogitatione
755 1696 1047 1754 disti-aelus,-
1085 1696 1284 1752 Verum
1314 1694 1648 1765 JOANNES

172 1768 268 1833 jam
285 1768 349 1818 de
366 1764 500 1818 Vitae
517 1763 599 1831 sue
618 1780 758 1819 certa
773 1767 973 1820 ratione
990 1767 1209 1821 ineunda
1235 1764 1542 1819 constituens
1559 1766 1649 1817 liu-

171 1851 441 1889 manarum
474 1835 822 1889 necessitatum
861 1837 1002 1889 utilia
1031 1837 1192 1903 magis
1218 1875 1232 1898 ,
1266 1835 1419 1904 quam
1440 1832 1648 1888 honesta

172 1903 398 1960 Consilia
412 1903 727 1959 suadentium
746 1902 1040 1974 posthabitis
1055 1904 1415 1967 incitamentis,
1434 1904 1485 1958 in
1499 1903 1647 1957 unius

172 1972 370 2030 honesti
387 1973 722 2042 persequendi
736 1976 1109 2029 deliberatione
1137 1973 1361 2029 defixus.
1396 1974 1462 2028 A'
1474 1972 1645 2034 Cleri-

174 2044 275 2096 cali
301 2042 563 2106 Tonsura,
599 2045 920 2114 supervacuis
951 2044 1261 2098 saecularium
1287 2043 1645 2108 negotiorum„

165 2112 375 2166 sarcinis
407 2112 683 2182 quibusque
714 2113 946 2176 relectis,
983 2114 1031 2166 id
1061 2112 1132 2165 est
1160 2108 1436 2173 allecutus‚
1472 2123 1530 2164 ut
1558 2108 1648 2185 sibi

170 2184 266 2249 jam
285 2180 381 2234 toti
397 2182 519 2235 Deo
533 2199 717 2236 vacare
733 2185 804 2238 fas
821 2181 944 2236 effet
961 2221 973 2244 ,
1011 2182 1097 2235 seu
1114 2180 1442 2234 sanstioribus
1458 2178 1651 2240 studiis

172 2253 259 2306 seu
274 2250 573 2304 ministerio:
610 2253 780 2318 Quam
800 2252 1015 2320 impigre
1033 2290 1046 2313 ‚
1060 2251 1212 2319 quam
1229 2249 1446 2304 studiose
1460 2289 1473 2312 ,
1489 2266 1651 2318 quam.

172 2335 331 2390 toque
348 2339 464 2374 cum
482 2320 719 2389 profesta
750 2321 801 2373 in
831 2320 1209 2382 altiffimarum,
1244 2322 1648 2393 earumdemque

162 2391 534 2466 multiplicium
549 2390 899 2464 doitrinarum
915 2389 1177 2462 disciplina
1203 2389 1438 2461 acerrimi
1455 2390 1653 2516 nglgenn‘

1454 2476 1483 2515 'd
1521 2476 1577 2515 0-
