1960 2854
1541 154 1556 183 1
1578 155 1593 184 1

179 221 372 261 nonum
385 200 796 255 evoluendorum
815 200 1138 267 provinciam
1153 198 1182 252 ὲ
1198 198 1485 268 Sapientiffi
1494 219 1577 255 mo
1591 205 1675 256 Se-

180 286 304 329 natu
319 273 684 327 demandatam
699 309 712 333 ‚
748 268 1003 337 frequenti
1019 268 1336 324 Auditorum
1367 273 1576 338 agmine
1595 271 1674 324 sti-

181 355 328 414 patus
344 381 357 405 ‚
394 341 590 396 summo
607 357 723 395 cum
742 337 920 410 plausu
953 336 1104 405 geffit
1138 376 1152 401 ‚
1189 341 1427 407 adeoque
1457 337 1675 407 singulo-

179 429 294 467 rum
310 410 825 466 existimationiinter
843 408 1202 462 celeberrimas
1233 409 1388 462 Orbis
1416 408 1673 463 Vniuersi-

178 494 309 538 tates
321 522 337 547 ‚
373 481 502 535 nulli
518 479 747 535 secundae
764 477 969 533 accessit
983 476 1263 553 audtoritas
1281 519 1290 529 .
1323 479 1442 531 Nec
1459 478 1670 545 praesen-

177 552 309 607 tibus
327 564 527 607 tantum
545 552 673 604 vivae
689 548 849 604 Vocis
880 548 1099 602 oraculls
1135 584 1149 608 ,
1186 545 1271 598 sed
1308 547 1366 600 &
1402 547 1672 604 nascituris

174 619 467 691 prospicere
483 636 673 674 arcana
699 618 991 673 eruditione
1021 615 1220 692 refertis
1249 616 1409 692 ¹editis
1429 619 1670 673 lucubra-

171 691 395 746 tionibus
415 688 604 744 studuit
619 688 716 744 Vir
729 691 794 742 de
805 707 861 743 re
880 686 1130 742 litteraria
1145 686 1346 754 optime
1364 687 1591 750 meritus,
1607 699 1667 741 ut

172 760 331 814 etiam
348 760 555 814 nomine
567 757 888 828 posterorum
908 756 1053 810 nobis
1070 756 1116 808 ei
1132 756 1308 823 gratiae
1323 774 1351 809 a
1356 759 1534 823 gendae
1548 755 1667 821 lint,

176 832 241 882 ad
257 848 384 897 quos
400 829 594 881 utiliter
614 827 842 892 evigilati
857 825 1079 892 ejusdem
1097 827 1295 879 labores
1313 825 1424 879 sunt
1451 843 1666 893 perven-

177 898 304 953 turi.
339 898 425 952 An
443 916 546 950 non
566 896 777 958 veteris,
815 896 891 949 illi
909 894 1430 963 ‚Sapientiaespiranti
1450 895 1663 964 MuseQ

175 967 470 1034 viventique
487 966 821 1019 Bibliothecae
836 963 1035 1019 Marco
1063 963 1292 1017 Varroni
1330 966 1662 1032 peculiariter

173 1038 419 1097 tributam
453 1037 659 1088 laudem
687 1073 700 1096 ,
735 1047 980 1101 tanquam
1021 1050 1352 1085 communem
1382 1073 1396 1096 ‚
1433 1035 1538 1099 jure
1576 1033 1664 1089 suo

165 1106 449 1177 JOANNI
469 1104 869 1157 vindicabimus?
886 1101 1149 1156 Videlicet
1164 1102 1268 1155 tam
1284 1105 1444 1156 multa
1463 1103 1661 1172 scriptis

171 1172 433 1229 mandasse
452 1214 464 1236 ‚
486 1190 543 1227 ut
560 1174 744 1226 mirum
764 1171 818 1225 fit
835 1184 941 1224 tam
960 1172 1128 1225 multis
1146 1173 1372 1237 legendis
1403 1173 1568 1226 otium
1587 1173 1660 1227 su-

168 1242 435 1313 perfuiffe‚·
473 1243 577 1295 tam
609 1245 771 1295 multa
803 1240 1030 1295 lectione
1061 1239 1317 1308 usurp-affe
1355 1281 1367 1303 ,
1403 1256 1460 1296 ut
1488 1243 1663 1297 mirari

167 1314 312 1382 aeque
328 1311 503 1367 subeat
517 1311 622 1369 tam
639 1311 806 1366 multis
826 1308 962 1378 stylo
992 1311 1270 1365 exarandis
1308 1310 1456 1366 ferias
1487 1313 1659 1366 nanci-

166 1381 233 1436 sci
249 1379 467 1452 potuiffe
493 1423 503 1433 .
540 1383 685 1452 Quot
712 1381 850 1435 enim
883 1398 951 1435 ex
983 1381 1157 1434 alieno
1187 1381 1397 1449 quidem
1418 1399 1556 1449 penu
1571 1385 1657 1437 de-

167 1451 420 1522 promptis
434 1490 447 1513 ,
485 1464 823 1505 veruntamen
839 1470 941 1504 non
961 1450 1010 1504 in
1026 1468 1331 1504 memoriam
1351 1491 1364 1514 ‚
1402 1451 1486 1503 sed
1516 1452 1565 1505 in
1585 1454 1657 1506 in-

170 1521 377 1588 genium
390 1520 619 1574 excod'tis
637 1560 649 1582 ,
686 1521 972 1586 omnigenae
1007 1522 1030 1588 (
1050 1534 1105 1572 ut
1120 1521 1175 1573 T
1179 1521 1384 1573 ullianae
1408 1523 1658 1576 elocutio-

170 1591 244 1646 nis
260 1591 390 1644 vires
407 1589 680 1658 experiar)
696 1589 1000 1643 eruditionis
1032 1589 1207 1642 helluo
1224 1628 1236 1651 ‚
1275 1590 1357 1642 lita
1376 1590 1528 1643 farcit
1545 1593 1654 1659 opi-

169 1677 293 1727 pare
306 1659 697 1713 Commentaria
714 1665 732 1712 Ρ
747 1661 890 1728 Quot
904 1677 1001 1712 aere
1019 1659 1231 1726 proprio
1260 1672 1429 1726 partas
1461 1661 1650 1728 publici

168 1729 286 1795 juris
302 1729 425 1783 facit
440 1727 786 1796 posseffiones?
803 1729 971 1796 Quam
991 1728 1148 1790 varia,
1160 1728 1313 1796 quam
1331 1728 1657 1798 solidzi,quan1

167 1799 366 1851 sublimi
384 1799 619 1852 dodirina
635 1801 890 1852 redundat
915 1839 928 1862 ,
960 1797 1046 1851 fibi
1063 1797 1248 1866 ubique
1279 1816 1370 1866 par
1403 1838 1415 1861 ‚
1445 1798 1590 1868 supra
1606 1800 1654 1854 se

169 1866 330 1936 ipsum
345 1869 531 1937 ubique
545 1869 774 1922 eminens
806 1873 824 1922 ?
850 1870 909 1922 In
927 1867 1090 1921 dubiae
1104 1867 1297 1921 vetusta
1306 1869 1365 1921 tis
1387 1871 1652 1924 ruderibus

169 1938 403 1991 eruendis
421 1939 638 2005 diligens
651 1978 664 2001 ,
700 1939 749 1991 in
768 1937 1070 2005 vestigandis
1086 1937 1267 1990 abditis
1285 1955 1457 1991 rerum
1475 1939 1652 1994 Caufis

168 2005 410 2072 Lynceus
426 2047 439 2069 ‚
455 2008 505 2061 in
522 2008 715 2061 ciendis
733 2007 936 2075 pietatis
953 2006 1120 2060 studiis
1138 2009 1428 2067 vehemens
1446 2007 1479 2058 fi
1494 2026 1652 2074 quan-

164 2077 236 2126 do
251 2113 264 2135 ,
278 2088 366 2127 aut
377 2075 637 2131 Historica
654 2090 862 2131 enarrat
877 2117 889 2139 ‚
926 2089 1015 2130 aut
1029 2076 1348 2141 Dogmatica
1362 2075 1650 2142 confirmat,

165 2156 254 2195 aut
265 2143 498 2198 Ascetica
514 2147 797 2213 pertractat
813 2186 825 2208 ,
863 2146 1156 2213 singulaque
1171 2144 1395 2198 oratoria
1416 2145 1531 2197 lima
1563 2165 1650 2199 ex-

162 2213 325 2281 polita
341 2252 354 2275 ,
390 2213 574 2267 Attico
587 2216 752 2268 nitore
779 2219 1102 2269 condecorat
1131 2254 1142 2265 .
1178 2214 1449 2267 Hactenus
1486 2216 1645 2270 otium

160 2280 330 2335 studiis
350 2282 401 2335 in
419 2285 597 2337 umbra
617 2286 842 2339 educatis
859 2283 1136 2352 impensum
1171 2285 1460 2351 approbare
1491 2303 1646 2340 cona-

158 2364 264 2414 ωε,
302 2354 565 2407 communi
584 2354 699 2407 vitae
714 2357 1003 2420 excolende
1018 2355 1255 2420 occupati
1276 2353 1499 2408 rationes
1532 2360 1646 2410 red-

156 2422 277 2478 dere
294 2421 744 2481 instituamEritne
756 2424 998 2492 cuiquam
1011 2423 1257 2476 credibile
1274 2424 1394 2475 hom
1405 2423 1642 2499 ini‚quem

1441 2497 1571 2547 intra
