1960 2854
1510 142 1526 173 1

139 192 369 250 hiscente
385 188 619 259 corporis
635 187 836 254 hujusce
853 185 1179 264 domuncula
1194 228 1208 252 ,
1235 206 1340 243 non
1357 191 1522 246 modo
1540 142 1645 248 15ion

144 264 364 321 inuitum
382 259 659 323 discedere,
676 258 760 313 sed
777 259 834 312 &
848 258 1168 327 impauidum
1184 259 1321 314 illius
1334 262 1535 314 ruinam
1556 281 1645 318 ex-

144 345 420 404 cepturum
435 331 564 387 nihil
580 332 645 385 de
662 329 847 400 prioris
864 328 978 382 vitae
996 328 1283 383 intentione
1301 331 1647 398 remittensffi-

144 407 265 461 dem
279 403 502 459 faciebat
519 442 532 455 .
565 402 781 457 Naturae
794 400 988 468 legibus
1004 397 1211 468 obsequi
1246 398 1351 453 fine
1384 419 1648 459 murmure

142 475 272 533 olim
304 474 584 533 didiceram
621 473 674 528 in
690 473 860 542 eoque
877 469 1187 546 praecipuam
1206 469 1501 546 Religionis
1517 472 1646 528 sum-

138 562 278 611 mam
297 544 440 600 fitam
459 543 814 612 intelligebat,
851 540 885 595 si
898 540 1103 617 Diuinis
1121 541 1342 595 decretis
1370 540 1482 595 satis
1498 560 1646 612 aper-

137 616 193 669 te
210 632 303 682 per
321 626 517 670 naturae
533 633 718 669 vocem
735 612 832 668 sese
847 611 1181 683 prodentibus
1198 629 1305 665 non
1340 612 1508 665 modo
1535 632 1641 668 non

135 699 431 754 repugnans
445 723 459 747 ‚
474 684 559 737 sed
576 685 735 751 etiam
755 685 917 740 libens
929 678 1197 752 paruisset.
1214 681 1449 757 Demum
1468 682 1643 751 itaque

133 753 372 809 cominus
387 771 506 810 cum
522 768 692 810 morte
710 753 1001 822 congressus
1018 752 1078 805 ea
1091 750 1376 807 constantia
1394 753 1644 806 inelucta-

140 825 299 879 bilem
319 822 478 877 ic'tum
493 826 719 892 excepit,
736 825 838 893 qua
854 843 952 877 nec
975 823 1167 876 vltimae
1183 821 1551 891 desperationis
1570 824 1645 877 fu*

140 912 261 948 rore
277 892 686 962 obstupescentes
700 933 713 956 ,
750 895 808 948 &
824 894 965 948 certa
983 905 1184 947 tantum
1200 894 1345 946 bonae
1362 891 1642 947 Conscien-

140 963 224 1017 tiae
241 961 432 1031 fiducia
445 962 735 1025 obfirmati,
772 964 1028 1017 cervicem
1048 962 1260 1015 subdere
1278 961 1594 1015 consuevere
1622 1004 1636 1014 .

138 1033 260 1088 Nec
276 1030 349 1085 est
362 1050 452 1086 cur
470 1033 630 1087 veluti
647 1034 756 1086 fato
792 1033 987 1098 jamdiu
1024 1031 1256 1084 fundium
1294 1030 1388 1099 piis
1415 1031 1643 1087 lacrimis

139 1100 556 1171 prosequendum
574 1116 814 1171 putemus
831 1143 842 1153 .
880 1101 1028 1157 Vivit
1043 1098 1440 1168 praestantiffima
1470 1100 1542 1155 sui
1571 1103 1643 1156 ta-

138 1173 332 1226 cultate
362 1170 604 1240 superstes
634 1212 648 1236 ‚
683 1171 903 1239 Ingenio
932 1170 1127 1224 scilicet
1163 1186 1446 1237 numquam
1467 1170 1644 1225 interi·

137 1241 265 1297 turis
284 1240 466 1294 litteris
483 1244 851 1296 commendato
868 1282 878 1292 .
907 1238 1056 1294 Vivit
1072 1239 1242 1293 Famae
1257 1238 1475 1304 ejusdem
1492 1240 1640 1295 recte

134 1309 393 1365 factorum
411 1312 719 1367 memoriam
733 1310 987 1366 recolenti
1003 1308 1239 1378 praelens.
1266 1308 1415 1364 Vivit
1429 1309 1641 1378 posteri-

135 1379 232 1436 tati
261 1418 275 1442 ,
311 1380 394 1433 cui
423 1398 488 1434 ne
516 1383 624 1435 ulla
655 1397 884 1450 unquam
902 1378 971 1434 sui
1003 1381 1256 1449 obrepere
1272 1378 1426 1447 poffit
1438 1380 1636 1436 oblivio

138 1446 418 1518 posthumis
435 1489 448 1513 ‚
484 1449 766 1519 iisdemque
781 1450 1044 1519 perpetuis
1064 1447 1318 1503 benefitiis
1349 1449 1638 1506 consuluit.

141 1519 265 1585 Quo
278 1519 415 1574 enim
442 1518 677 1574 Consilio
704 1538 812 1573 non
842 1520 1128 1573 mediocres
1159 1536 1284 1586 opes
1316 1518 1592 1574 distributae
1622 1561 1639 1584 ‚

140 1604 267 1656 quas
285 1602 373 1642 aut
390 1590 589 1645 virtutis
605 1590 812 1658 praemia
828 1591 1157 1642 contulerant
1172 1627 1185 1650 ‚
1215 1600 1304 1641 aut
1320 1589 1536 1643 fortunae
1555 1591 1638 1643 be-

142 1657 364 1724 nignitas
379 1657 730 1727 congesseram·
768 1672 857 1712 aut
873 1659 1225 1726 temperantiae
1241 1657 1460 1726 parcitas
1479 1658 1641 1712 {erva-

143 1732 323 1781 verat?
358 1728 623 1783 Nimirum
641 1768 655 1792 ,
683 1729 782 1797 qua
797 1728 920 1782 Deo
934 1730 1117 1782 dicatae
1133 1726 1348 1780 castitati
1365 1766 1378 1789 ,
1393 1728 1504 1781 doti
1518 1747 1641 1783 (ῑοη-μ

145 1794 436 1861 stituendae‚
471 1798 571 1867 qua
584 1797 929 1853 Ecclefiaesuae
944 1838 958 1863 ,
984 1798 1246 1866 discipline
1266 1796 1523 1865 stipendiis
1539 1798 1636 1852 sol-

144 1868 321 1920 vendis
333 1905 347 1930 ‚
363 1867 463 1935 qua
475 1867 779 1923 miserorum
798 1869 982 1936 inopiae
1000 1870 1306 1929 allevandae,
1331 1866 1431 1935 quii
1448 1865 1636 1922 succes

141 1934 310 1989 sorum
329 1936 532 1992 suorum
550 1939 709 1992 cultui
723 1940 1048 2005 exaugendQ
1065 1935 1319 1990 universas
1334 1940 1639 2003 erogandas,

142 2020 260 2056 cum
276 2007 340 2057 de
354 2008 672 2061 mortalitate
689 2009 950 2076 cogitaret
986 2047 999 2070 ‚
1034 2004 1425 2060 consultissimus
1455 2005 1637 2059 Testa-

141 2083 223 2125 tor
240 2074 472 2127 decreuit
485 2111 498 2124 .
534 2079 675 2146 Quid
694 2080 799 2132 hoc
821 2076 909 2130 nisi
922 2076 1342 2144 procurationem
1372 2077 1634 2142 quandam

141 2142 353 2195 humani
370 2146 571 2209 generis
588 2185 601 2208 ,
636 2148 776 2212 juxta
790 2145 1089 2214 sapientium
1103 2158 1361 2213 praecepta
1389 2182 1403 2205 ‚
1439 2160 1536 2210 pro
1549 2145 1634 2198 sua

141 2211 277 2264 virili
294 2209 572 2279 susceptam
588 2254 601 2275 ,
628 2215 1078 2268 administrandam
1095 2212 1305 2282 posteris
1320 2214 1525 2266 tradere
1542 2218 1561 2267 Ρ
1578 2215 1637 2268 Sc

137 2280 523 2349 providentiam
543 2283 674 2337 intra
690 2283 932 2352 presentis
966 2284 1082 2336 vitae
1119 2284 1375 2337 cancellos
1403 2284 1635 2337 coerceri

138 2351 497 2419 impatientem
514 2392 527 2416 ,
564 2355 629 2406 ad
643 2352 984 2423 posteriorum
1004 2353 1157 2422 usque
1173 2366 1464 2420 temporum
1495 2371 1637 2406 com-

134 2423 292 2494 moda
306 2425 634 2495 producere?
668 2421 793 2494 Erat
806 2423 1020 2494 dignum
1039 2441 1143 2478 non
1158 2436 1332 2478 tamen
1361 2422 1633 2546 traiqiscurri

1440 2529 1456 2547 t
1478 2498 1529 2547 ol
1548 2533 1568 2557 2
